<record><leader>00000cas a22000007a 4500</leader><controlfield tag="001">16347441</controlfield><controlfield tag="008">870731d19011925pauwr ne      0    0eng d</controlfield><datafield ind1=" " ind2=" " tag="010"><subfield code="a">sn 87078266 </subfield></datafield><datafield ind1=" " ind2=" " tag="040"><subfield code="a">NPH</subfield><subfield code="b">eng</subfield><subfield code="c">NPH</subfield><subfield code="d">NSD</subfield><subfield code="d">OCLCQ</subfield></datafield><datafield ind1=" " ind2=" " tag="042"><subfield code="a">msc</subfield></datafield><datafield ind1="0" ind2="0" tag="245"><subfield code="a">Brockwayville record.</subfield></datafield><datafield ind1=" " ind2=" " tag="260"><subfield code="a">Brockwayville, Pa. :</subfield><subfield code="b">A.W. Adam &amp; Son,</subfield><subfield code="c">1901-1925.</subfield></datafield><datafield ind1=" " ind2=" " tag="300"><subfield code="a">v.</subfield></datafield><datafield ind1=" " ind2=" " tag="310"><subfield code="a">Weekly</subfield></datafield><datafield ind1="0" ind2=" " tag="362"><subfield code="a">Vol. 16, no. 44 (Dec. 13, 1901) ; -v. [7], no. 26 (July 26, 1925).</subfield></datafield><datafield ind1=" " ind2=" " tag="752"><subfield code="a">United States</subfield><subfield code="b">Pennsylvania</subfield><subfield code="c">Jefferson</subfield><subfield code="d">Brockway.</subfield></datafield><datafield ind1=" " ind2=" " tag="752"><subfield code="a">United States</subfield><subfield code="b">Pennsylvania</subfield><subfield code="c">Jefferson</subfield><subfield code="d">Brockwayville.</subfield></datafield><datafield ind1="0" ind2="0" tag="780"><subfield code="t">Weekly record (Brockwayville, Pa.)</subfield><subfield code="w">(DLC)sn 87080466</subfield></datafield><datafield ind1="0" ind2="0" tag="785"><subfield code="t">Brockway record</subfield><subfield code="x">1054-755X</subfield><subfield code="w">(DLC)sn 87079899</subfield></datafield></record>